@inproceedings{jouppi2023tpu,
  author={Jouppi, Norman P. and Others},
  title={Ten Lessons From Three Generations of Google TPU},
  booktitle={ACM SIGARCH Computer Architecture News},
  year={2023},
  volume={51},
  pages={1-15},
  doi={10.1145/3570641},
  url={https://dl.acm.org/doi/10.1145/3570641}
}

@techreport{nvidia2022gtc,
  title={Automated Layout and Routing for Next-Gen GPU Design},
  author={NVIDIA Corporation},
  institution={NVIDIA GTC Conference},
  year={2022},
  url={https://www.nvidia.com/en-us/on-demand/session/gtcspring22-s41492/}
}

@article{asml2023euv,
  title={EUV Lithography Systems: Pushing the Boundaries of Resolution},
  author={ASML Research Team},
  journal={ASML Technology Reports},
  volume={2023},
  number={1},
  pages={1-8},
  year={2023},
  url={https://www.asml.com/en/technology/all-about-euv}
}

@article{reda2023physics,
  author={Reda, Sherief and Others},
  title={Physics-Informed Machine Learning for VLSI Physical Design},
  journal={IEEE Transactions on Computer-Aided Design of Integrated Circuits and Systems},
  year={2023},
  doi={10.1109/TCAD.2023.10004532},
  url={https://ieeexplore.ieee.org/document/10004532}
}

@inproceedings{tsmc2023vlsit,
  title={Virtual Fabrication Technology for 3nm Process Development},
  author={TSMC R\&D Team},
  booktitle={Symposium on VLSI Technology},
  pages={T1-T2},
  year={2023},
  url={https://www.vlsisymposium.org/}
}

@misc{ibm2023cognitive,
  title={Cognitive Manufacturing for Semiconductor},
  author={IBM Research},
  year={2023},
  howpublished={IBM Research Report},
  url={https://research.ibm.com/publications/cognitive-manufacturing}
}